<record xmlns="http://www.loc.gov/MARC21/slim">
   <leader>01245crm a2200301 a 4500</leader>
   <controlfield tag="001">1336910</controlfield>
   <controlfield tag="008">901120s1985    fr                anfre c</controlfield>
   <datafield ind1=" " ind2=" " tag="035">
      <subfield code="a">ocm70307176</subfield>
   </datafield>
   <datafield ind1=" " ind2=" " tag="040">
      <subfield code="b">eng</subfield>
   </datafield>
   <datafield ind1=" " ind2=" " tag="043">
      <subfield code="a">e-fr---</subfield>
   </datafield>
   <datafield ind1=" " ind2=" " tag="049">
      <subfield code="a">AEU</subfield>
      <subfield code="b">eng</subfield>
   </datafield>
   <datafield ind1=" " ind2="3" tag="055">
      <subfield code="a">N 7433.4 C945</subfield>
      <subfield code="b">A6 S862 1985</subfield>
   </datafield>
   <datafield ind1="0" ind2=" " tag="090">
      <subfield code="a">N 7433.4 C945 A6 S862 1985</subfield>
   </datafield>
   <datafield ind1="1" ind2=" " tag="100">
      <subfield code="a">Crombie, John.</subfield>
   </datafield>
   <datafield ind1="1" ind2="0" tag="245">
      <subfield code="a">Stitches in time</subfield>
      <subfield code="h">[art original] /</subfield>
      <subfield code="c">written and designed by John Crombie ; drawn and printed by Sheila Bourne.</subfield>
   </datafield>
   <datafield ind1=" " ind2=" " tag="260">
      <subfield code="a">[Paris] :</subfield>
      <subfield code="b">Kickshaws,</subfield>
      <subfield code="c">c1985.</subfield>
   </datafield>
   <datafield ind1=" " ind2=" " tag="300">
      <subfield code="a">1 artist's book ([25] sheets) :</subfield>
      <subfield code="b">col. ;</subfield>
      <subfield code="c">in container, 22 x 27 x 2 cm.</subfield>
   </datafield>
   <datafield ind1=" " ind2=" " tag="336">
      <subfield code="a">three-dimensional form</subfield>
      <subfield code="b">tdf</subfield>
      <subfield code="2">rdacontent</subfield>
   </datafield>
   <datafield ind1=" " ind2=" " tag="338">
      <subfield code="a">object</subfield>
      <subfield code="b">nr</subfield>
      <subfield code="2">rdacarrier</subfield>
   </datafield>
   <datafield ind1=" " ind2=" " tag="500">
      <subfield code="a">The artists present a biography of "Mary Ann, " 1909-1939; each sheet contains decorative borders and illustrations resembling embroidery.</subfield>
   </datafield>
   <datafield ind1=" " ind2=" " tag="500">
      <subfield code="a">Sheets issued in paper folder and clamshell box.</subfield>
   </datafield>
   <datafield ind1=" " ind2=" " tag="500">
      <subfield code="a">Edition of 190 copies printed.</subfield>
   </datafield>
   <datafield ind1=" " ind2=" " tag="590">
      <subfield code="a">Library has copy no. 87, signed by the artists.</subfield>
   </datafield>
   <datafield ind1=" " ind2=" " tag="596">
      <subfield code="a">50</subfield>
   </datafield>
   <datafield ind1="1" ind2="0" tag="600">
      <subfield code="a">Bourne, Sheila.</subfield>
   </datafield>
   <datafield ind1=" " ind2="0" tag="650">
      <subfield code="a">Artists' books</subfield>
      <subfield code="z">France.</subfield>
   </datafield>
   <datafield ind1="1" ind2=" " tag="700">
      <subfield code="a">Bourne, Sheila.</subfield>
   </datafield>
   <datafield ind1=" " ind2=" " tag="926">
      <subfield code="a">N 7433.4 C945 A6 S862 1985</subfield>
      <subfield code="w">LC</subfield>
      <subfield code="c">1</subfield>
      <subfield code="i">000034990374</subfield>
      <subfield code="l">SPECIALCOL</subfield>
      <subfield code="m">UASPCOLL</subfield>
      <subfield code="p">$150.00</subfield>
      <subfield code="r">Y</subfield>
      <subfield code="s">Y</subfield>
      <subfield code="t">NO_LOAN</subfield>
      <subfield code="u">11/23/1990</subfield>
   </datafield>
</record>
